@INPROCEEDINGS{NASA_designRef,
author={B. G. {Drake} and S. J. {Hoffman} and D. W. {Beaty}},
booktitle={2010 IEEE Aerospace Conference},
title={Human exploration of Mars, Design Reference Architecture 5.0},
year={2010},
volume={},
number={},
pages={1-24},
keywords={aerospace instrumentation;Mars;space research;space vehicles;human Mars exploration;design reference architecture 5.0;NASA Mars reference missions;constellation systems;potential Mars robotic missions;International space station;potential lunar exploration missions;Mars DRA 5.0;Humans;Mars;NASA;Strategic planning;Technology planning;Space technology;System testing;Potential well;Orbital robotics;International Space Station},
doi={10.1109/AERO.2010.5446736},
ISSN={1095-323X},
month={March},}