@misc{solarview,
    author    = {NIWA},
    title     = {NIWA SolarView},
    howpublished = {website},
    url = {https://solarview.niwa.co.nz/}
}

@misc{DANNYB,
  author = {Daniel Burmester},
  title = {RC car tracks},
  note = {Date: 09/2020},
  howpublished = {Project Brief}
}