
 @misc{tibad,
    author    = "Texus Instruments ",
    title     = "Power Designer",
    url       = "https://webench.ti.com/power-designer/"
}

@misc{mains,
  author       = {Anand Satyanand, Governor-General},
  title        = {Electricity (Safety) Regulations},
  url          = {http://www.legislation.govt.nz/regulation/public/2010/0036/latest/DLM2763509.html}
}