@misc{solarview,
    author    = {NIWA},
    title     = {NIWA SolarView},
    howpublished = {website},
    url = {https://solarview.niwa.co.nz/}
}

@misc{DANNYB,
  author = {Daniel Burmester},
  title = {solar, stoarge and turbine costings},
  note = {Date: 05/08/2020},
  howpublished = {Personal Communication}
}