@misc{dcmotors,
    author    = "Gideon Gouws",
    title     = "Understanding small, permanent magnet brushed DC motors.",
    url       = "https://ecs.wgtn.ac.nz/foswiki/pub/Courses/ECEN315_2020T1/Assignments/DCmotor_transfer_function.pdf"
}
@misc{pen,
    author    = "Richard Fitzpatrick",
    title     = "The compound pendulum",
    url       = "http://farside.ph.utexas.edu/teaching/301/lectures/node141.html"
}
