@article{plutonium,
  author  = {Stark, Luke},
  year    = {2019},
  month   = {04},
  pages   = {50-55},
  title   = {Facial recognition is the plutonium of AI},
  volume  = {25},
  journal = {XRDS: Crossroads, The ACM Magazine for Students},
  doi     = {10.1145/3313129},
  url     = {http://dx.doi.org/10.1145/3313129}
}

data consent, dataset (sharing?) and vulneraable pops
@article{nature_main,
  author  = {Noorden, Richard},
  year    = {2020},
  month   = {11},
  pages   = {354-358},
  title   = {The ethical questions that haunt facial-recognition research},
  volume  = {587},
  journal = {Nature},
  doi     = {10.1038/d41586-020-03187-3},
  url     = {http://dx.doi.org/10.1038/d41586-020-03187-3}
}

@article{nature_bias,
  author  = {Castelvecchi, Davide},
  year    = {2020},
  month   = {11},
  pages   = {347-349},
  title   = {Is facial recognition too biased to be let loose?},
  volume  = {587},
  journal = {Nature},
  doi     = {10.1038/d41586-020-03186-4},
  url     = {http://dx.doi.org/10.1038/d41586-020-03186-4}
}

@article{ethics_book,
  author  = {Selinger, Evan and Leong, Brenda},
  year    = {2021},
  month   = {01},
  pages   = {},
  title   = {The Ethics of Facial Recognition Technology},
  journal = {SSRN Electronic Journal},
  doi     = {10.2139/ssrn.3762185},
  url     = {http://dx.doi.org/10.2139/ssrn.3762185}
}

 @website{thales,
  title   = {Facial recognition: (tech, vendors, markets, use cases and latest news)},
  url     = {https://www.thalesgroup.com/en/markets/digital-identity-and-security/government/biometrics/facial-recognition},
  journal = {Thales Group},
  year    = {2021},
  month   = {Apr}
} 

@website{megapixel,
  title   = {Exposing AI: DUKE MTMC DATASET},
  auther  = {Adam Harvey},
  journal = {MegaPixels.cc},
  year    = {2018},
  url = {https://exposing.ai/duke_mtmc/}
}

@incollection{sep-ethics-ai,
  author    = {MÃ¼ller, Vincent C.},
  title     = {{Ethics of Artificial Intelligence and Robotics}},
  booktitle = {The {Stanford} Encyclopedia of Philosophy},
  editor    = {Edward N. Zalta},
  url       = {https://plato.stanford.edu/archives/win2020/entries/ethics-ai/},
  year      = {2020},
  edition   = {Winter 2020},
  publisher = {Metaphysics Research Lab, Stanford University}
}

@incollection{sep-ethics-virtue,
  author    = {Hursthouse, Rosalind and Pettigrove, Glen},
  title     = {{Virtue Ethics}},
  booktitle = {The {Stanford} Encyclopedia of Philosophy},
  editor    = {Edward N. Zalta},
  url       = {https://plato.stanford.edu/archives/win2018/entries/ethics-virtue/},
  year      = {2018},
  edition   = {Winter 2018},
  publisher = {Metaphysics Research Lab, Stanford University}
}

@incollection{sep-ethics-deontological,
  author    = {Alexander, Larry and Moore, Michael},
  title     = {{Deontological Ethics}},
  booktitle = {The {Stanford} Encyclopedia of Philosophy},
  editor    = {Edward N. Zalta},
  url       = {https://plato.stanford.edu/archives/win2020/entries/ethics-deontological/},
  year      = {2020},
  edition   = {Winter 2020},
  publisher = {Metaphysics Research Lab, Stanford University}
}

@incollection{sep-consequentialism,
  author    = {Sinnott-Armstrong, Walter},
  title     = {{Consequentialism}},
  booktitle = {The {Stanford} Encyclopedia of Philosophy},
  editor    = {Edward N. Zalta},
  url       = {https://plato.stanford.edu/archives/sum2019/entries/consequentialism/},
  year      = {2019},
  edition   = {Summer 2019},
  publisher = {Metaphysics Research Lab, Stanford University}
}